<?xml version="1.0" encoding="UTF-8"?>
<Document>
	<pain.001.001.02>
		<GrpHdr>
			<MsgId>MSG000000120070215</MsgId>
			<CreDtTm>2008-01-07T17:56:00</CreDtTm>
			<NbOfTxs>1</NbOfTxs>
			<CtrlSum>10100.44</CtrlSum>
			<Grpg>GRPD</Grpg>
			<InitgPty>
				<Nm>Nikolaus Mustermann</Nm>
			</InitgPty>
		</GrpHdr>
		<PmtInf>
			<PmtMtd>TRF</PmtMtd>
			<PmtTpInf>
				<SvcLvl>
					<Cd>SEPA</Cd>
				</SvcLvl>
			</PmtTpInf>
			<ReqdExctnDt>2008-01-21</ReqdExctnDt>
			<Dbtr>
				<Nm>Nikolaus Mustermann</Nm>
			</Dbtr>
			<DbtrAcct>
				<Id>
					<IBAN>DE13500999001234567890</IBAN>
				</Id>
			</DbtrAcct>
			<DbtrAgt>
				<FinInstnId>
					<BIC>GENODE51RGG</BIC>
				</FinInstnId>
			</DbtrAgt>
			<ChrgBr>SLEV</ChrgBr>
			<CdtTrfTxInf>
				<PmtId>
					<EndToEndId>REF00010402</EndToEndId>
				</PmtId>
				<Amt>
					<InstdAmt Ccy="EUR">10100.44</InstdAmt>
				</Amt>
				<CdtrAgt>
					<FinInstnId>
						<BIC>GENODEF1DCA</BIC>
					</FinInstnId>
				</CdtrAgt>
				<Cdtr>
					<Nm>Malerei Pinsel und Klecks GmbH</Nm>
				</Cdtr>
				<CdtrAcct>
					<Id>
						<IBAN>DE28700999009876543210</IBAN>
					</Id>
				</CdtrAcct>
				<RmtInf>
					<Ustrd>RECHNUNG 1111 VOM 2.1.2008 RECHNUNG 1112 VOM 3.1.2008 RECHNUNG 1113 VOM 4.1.2008</Ustrd>
				</RmtInf>
			</CdtTrfTxInf>
		</PmtInf>
	</pain.001.001.02>
</Document>